@article{malmendier_2011,
	title={Depression babies: do macroeconomic experiences affect risk taking?},
	author={Malmendier, Ulrike and Nagel, Stefan},
	journal={The Quarterly Journal of Economics},
	volume={126},
	number={1},
	pages={373--416},
	year={2011},
	publisher={MIT Press}
}

@article{choi_2020,
	title={What Matters to Individual Investors? Evidence from the Horse's Mouth},
	author={Choi, James J and Robertson, Adriana Z},
	journal={The Journal of Finance},
	year={2020},
	publisher={Wiley Online Library}
}

@techreport{bender_et_al_2019,
	title={Rich investors speak: What drives their personal investment decisions},
	author={Bender, Svetlana Gherzi and Choi, James J and Dyson, Danielle and Robertson, Adriana Z},
	year={2019},
	institution={Working paper, Yale University}
}

@article{lintner_1975,
	title={Inflation and security returns},
	author={Lintner, John},
	journal={The journal of finance},
	volume={30},
	number={2},
	pages={259--280},
	year={1975},
	publisher={JSTOR}
}

@article{graham_harvey_2001,
	title={The theory and practice of corporate finance: Evidence from the field},
	author={Graham, John R and Harvey, Campbell R},
	journal={Journal of financial economics},
	volume={60},
	number={2-3},
	pages={187--243},
	year={2001},
	publisher={Elsevier}
}

@article{brav_et_al_2005,
	title={Payout policy in the 21st century},
	author={Brav, Alon and Graham, John R and Harvey, Campbell R and Michaely, Roni},
	journal={Journal of financial economics},
	volume={77},
	number={3},
	pages={483--527},
	year={2005},
	publisher={Elsevier}
}

@article{graham_et_al_2005,
	title={The economic implications of corporate financial reporting},
	author={Graham, John R and Harvey, Campbell R and Rajgopal, Shiva},
	journal={Journal of accounting and economics},
	volume={40},
	number={1-3},
	pages={3--73},
	year={2005},
	publisher={Elsevier}
}

@article{gompers_et_al_2020,
	title={How do venture capitalists make decisions?},
	author={Gompers, Paul A and Gornall, Will and Kaplan, Steven N and Strebulaev, Ilya A},
	journal={Journal of Financial Economics},
	volume={135},
	number={1},
	pages={169--190},
	year={2020},
	publisher={Elsevier}
}

@article{gompers_et_al_2016,
	title={What do private equity firms say they do?},
	author={Gompers, Paul and Kaplan, Steven N and Mukharlyamov, Vladimir},
	journal={Journal of Financial Economics},
	volume={121},
	number={3},
	pages={449--476},
	year={2016},
	publisher={Elsevier}
}

@article{cheung_wong_2000,
	title={A survey of market practitionersâ€™ views on exchange rate dynamics},
	author={Cheung, Yin-Wong and Wong, Clement Yuk-Pang},
	journal={Journal of international economics},
	volume={51},
	number={2},
	pages={401--419},
	year={2000},
	publisher={Elsevier}
}

@article{cheung_chinn_2001,
	title={Currency traders and exchange rate dynamics: a survey of the US market},
	author={Cheung, Yin-Wong and Chinn, Menzie David},
	journal={Journal of international Money and Finance},
	volume={20},
	number={4},
	pages={439--471},
	year={2001},
	publisher={Elsevier}
}

@article{cheung_et_al_2004,
	title={How do UK-based foreign exchange dealers think their market operates?},
	author={Cheung, Yin-Wong and Chinn, Menzie D and Marsh, Ian W},
	journal={International Journal of Finance \& Economics},
	volume={9},
	number={4},
	pages={289--306},
	year={2004},
	publisher={Wiley Online Library}
}

@article{barberis_et_al_2015,
	title={X-CAPM: An extrapolative capital asset pricing model},
	author={Barberis, Nicholas and Greenwood, Robin and Jin, Lawrence and Shleifer, Andrei},
	journal={Journal of financial economics},
	volume={115},
	number={1},
	pages={1--24},
	year={2015},
	publisher={Elsevier}
}

@article{vissing_2003,
	title={Perspectives on behavioral finance: Does" irrationality" disappear with wealth? Evidence from expectations and actions},
	author={Vissing-Jorgensen, Annette},
	journal={NBER macroeconomics annual},
	volume={18},
	pages={139--194},
	year={2003},
	publisher={MIT Press}
}

@article{shapiro_burchell_2012,
	title={Measuring financial anxiety.},
	author={Shapiro, Gilla K and Burchell, Brendan J},
	journal={Journal of Neuroscience, Psychology, and Economics},
	volume={5},
	number={2},
	pages={92},
	year={2012},
	publisher={Educational Publishing Foundation}
}

@article{debondt_1993,
	title={Betting on trends: Intuitive forecasts of financial risk and return},
	author={De Bondt, Werner PM},
	journal={International Journal of forecasting},
	volume={9},
	number={3},
	pages={355--371},
	year={1993},
	publisher={Elsevier}
}

@article{fisher_statman_2000,
	title={Investor sentiment and stock returns},
	author={Fisher, Kenneth L and Statman, Meir},
	journal={Financial Analysts Journal},
	volume={56},
	number={2},
	pages={16--23},
	year={2000},
	publisher={Taylor \& Francis}
}

@article{greenwood_shleifer_2014,
	title={Expectations of returns and expected returns},
	author={Greenwood, Robin and Shleifer, Andrei},
	journal={The Review of Financial Studies},
	volume={27},
	number={3},
	pages={714--746},
	year={2014},
	publisher={Oxford University Press}
}

@article{hirshleifer_2001,
	title={Investor psychology and asset pricing},
	author={Hirshleifer, David},
	journal={The journal of Finance},
	volume={56},
	number={4},
	pages={1533--1597},
	year={2001},
	publisher={Wiley Online Library}
}

@article{georgarakos_pasini_2011,
	title={Trust, sociability, and stock market participation},
	author={Georgarakos, Dimitris and Pasini, Giacomo},
	journal={Review of Finance},
	volume={15},
	number={4},
	pages={693--725},
	year={2011},
	publisher={Oxford University Press}
}

@article{vanrooij_et_al_2011,
	title={Financial literacy and stock market participation},
	author={Van Rooij, Maarten and Lusardi, Annamaria and Alessie, Rob},
	journal={Journal of Financial Economics},
	volume={101},
	number={2},
	pages={449--472},
	year={2011},
	publisher={Elsevier}
}

@article{kaustia_2011,
	title={Stock market aversion? Political preferences and stock market participation},
	author={Kaustia, Markku and Torstila, Sami},
	journal={Journal of Financial Economics},
	volume={100},
	number={1},
	pages={98--112},
	year={2011},
	publisher={Elsevier}
}

@article{brown_2008,
	title={Neighbors matter: Causal community effects and stock market participation},
	author={Brown, Jeffrey R and Ivkovi{\'c}, Zoran and Smith, Paul A and Weisbenner, Scott},
	journal={The Journal of Finance},
	volume={63},
	number={3},
	pages={1509--1531},
	year={2008},
	publisher={Wiley Online Library}
}

@article{barberis_2006,
	title={Individual preferences, monetary gambles, and stock market participation: A case for narrow framing},
	author={Barberis, Nicholas and Huang, Ming and Thaler, Richard H},
	journal={American economic review},
	volume={96},
	number={4},
	pages={1069--1090},
	year={2006}
}

@article{guiso_jappelli_2005,
	title={Awareness and stock market participation},
	author={Guiso, Luigi and Jappelli, Tullio},
	journal={Review of Finance},
	volume={9},
	number={4},
	pages={537--567},
	year={2005},
	publisher={Oxford University Press}
}

@article{almenberg_2015gender,
	title={Gender, stock market participation and financial literacy},
	author={Almenberg, Johan and Dreber, Anna},
	journal={Economics Letters},
	volume={137},
	pages={140--142},
	year={2015},
	publisher={Elsevier}
}

@article{guiso_et_al_2008trusting,
	title={Trusting the stock market},
	author={Guiso, Luigi and Sapienza, Paola and Zingales, Luigi},
	journal={the Journal of Finance},
	volume={63},
	number={6},
	pages={2557--2600},
	year={2008},
	publisher={Wiley Online Library}
}

@article{hong_et_al_2004social,
	title={Social interaction and stock-market participation},
	author={Hong, Harrison and Kubik, Jeffrey D and Stein, Jeremy C},
	journal={The journal of finance},
	volume={59},
	number={1},
	pages={137--163},
	year={2004},
	publisher={Wiley Online Library}
}

@article{epstein_zin_1991substitution,
	title={Substitution, risk aversion, and the temporal behavior of consumption and asset returns: An empirical analysis},
	author={Epstein, Larry G and Zin, Stanley E},
	journal={Journal of political Economy},
	volume={99},
	number={2},
	pages={263--286},
	year={1991},
	publisher={The University of Chicago Press}
}

@article{vissing_attanasio_2003stock,
	title={Stock-market participation, intertemporal substitution, and risk-aversion},
	author={Vissing-J{\o}rgensen, Annette and Attanasio, Orazio P},
	journal={American Economic Review},
	volume={93},
	number={2},
	pages={383--391},
	year={2003}
}

@article{bundesbank_2020,
	title={Bundesbank online pilot survey on consumer expectations 01/2020},
	author={Beckmann, Elisabeth and Schmidt, Tobias},
	year = {2020}
}

@article{mehra_porescott_1985equity_premium,
	title={The equity premium: A puzzle},
	author={Mehra, Rajnish and Prescott, Edward C},
	journal={Journal of monetary Economics},
	volume={15},
	number={2},
	pages={145--161},
	year={1985},
	publisher={Elsevier}
}

@article{vanEwijk_et_al_2012meta_equity_premium,
	title={A meta-analysis of the equity premium},
	author={Van Ewijk, Casper and De Groot, Henri LF and others},
	journal={Journal of Empirical Finance},
	volume={19},
	number={5},
	pages={819--830},
	year={2012},
	publisher={Elsevier}
}

@article{haliassos_bertraut_1995equity_premium,
	title={Why do so few hold stocks?},
	author={Haliassos, Michael and Bertaut, Carol C},
	journal={the economic Journal},
	volume={105},
	number={432},
	pages={1110--1129},
	year={1995},
	publisher={Oxford University Press Oxford, UK}
}

@article{campbell_2006household_finance,
	title={Household finance},
	author={Campbell, John Y},
	journal={The journal of finance},
	volume={61},
	number={4},
	pages={1553--1604},
	year={2006},
	publisher={Wiley Online Library}
}

@article{mankiw_zeldes_1991consumption_stockholders,
	title={The consumption of stockholders and nonstockholders},
	author={Mankiw, N Gregory and Zeldes, Stephen P},
	journal={Journal of financial Economics},
	volume={29},
	number={1},
	pages={97--112},
	year={1991},
	publisher={Elsevier}
}

@article{bonaparte_et_al_2012adjustment,
	title={Consumption smoothing and portfolio rebalancing: The effects of adjustment costs},
	author={Bonaparte, Yosef and Cooper, Russell and Zhu, Guozhong},
	journal={Journal of Monetary Economics},
	volume={59},
	number={8},
	pages={751--768},
	year={2012},
	publisher={Elsevier}
}

@article{cocco_et_al_2005consumption,
	title={Consumption and portfolio choice over the life cycle},
	author={Cocco, Joao F and Gomes, Francisco J and Maenhout, Pascal J},
	journal={The Review of Financial Studies},
	volume={18},
	number={2},
	pages={491--533},
	year={2005},
	publisher={Oxford University Press}
}

@techreport{king_leape_1987asset,
	title={Asset accumulation, information, and the life cycle},
	author={King, Mervyn A and Leape, Jonathan I},
	year={1987},
	institution={National Bureau of Economic Research}
}

@techreport{lusardi_mitchell_2011financial_literacy,
	title={Financial literacy around the world: an overview},
	author={Lusardi, Annamaria and Mitchell, Olivia S},
	year={2011},
	institution={National Bureau of Economic Research}
}

@book{guiso_japelli_2002household_book,
	title={Household portfolios},
	author={Guiso, Luigi and Haliassos, Michael and Jappelli, Tullio and others},
	year={2002},
	publisher={MIT press}
}

@incollection{hochguertel_et_al_2002household,
	title={Household portfolios in the Netherlands},
	author={Hochguertel, Stefan and Alessie, RJM and van Soest, A},
	booktitle={Household Portfolios},
	year={2002},
	publisher={MIT Press}
}

@incollection{borsch_eymann_2000household,
	title={Household portfolios in Germany},
	author={B{\"o}rsch-Supan, Axel and Eymann, Angelika},
	booktitle={Household Portfolios},
	year={2002},
	publisher={MIT Press}
}

@article{ampudia_ehrmann_2017macroeconomic,
	title={Macroeconomic experiences and risk taking of euro area households},
	author={Ampudia, Miguel and Ehrmann, Michael},
	journal={European Economic Review},
	volume={91},
	pages={146--156},
	year={2017},
	publisher={Elsevier}
}

@article{arrondel_et_al_2014subjective_return_expectation,
	title={Subjective return expectations, information and stock market participation: evidence from France},
	author={Arrondel, Luc and Calvo Pardo, Hector F and Tas, Derya},
	journal={Information and Stock Market Participation: Evidence from France (March 14, 2014)},
	year={2014}
}

@article{dominitz_manski_2011measuring_expectations,
	title={Measuring and interpreting expectations of equity returns},
	author={Dominitz, Jeff and Manski, Charles F},
	journal={Journal of Applied Econometrics},
	volume={26},
	number={3},
	pages={352--370},
	year={2011},
	publisher={Wiley Online Library}
}

@article{dimaggio_et_al_2020stock_mpc,
	title={Stock market returns and consumption},
	author={Di Maggio, Marco and Kermani, Amir and Majlesi, Kaveh},
	journal={The Journal of Finance},
	volume={75},
	number={6},
	pages={3175--3219},
	year={2020},
	publisher={Wiley Online Library}
}

@article{maio_philip_2015macro_stock,
	title={Macro variables and the components of stock returns},
	author={Maio, Paulo and Philip, Dennis},
	journal={Journal of Empirical Finance},
	volume={33},
	pages={287--308},
	year={2015},
	publisher={Elsevier}
}

@techreport{giglio_et_al_2019five,
	title={Five facts about beliefs and portfolios},
	author={Giglio, Stefano and Maggiori, Matteo and Stroebel, Johannes and Utkus, Stephen},
	year={2019},
	institution={National Bureau of Economic Research}
}

@book{tabachnick_fidell_2007,
	title={Using multivariate statistics},
	author={Tabachnick, Barbara G and Fidell, Linda S and Ullman, Jodie B},
	volume={5},
	year={2007},
	publisher={Pearson Boston, MA}
}

@article{campbell_vuolteenaho_2004inflation,
	title={Inflation illusion and stock prices},
	author={Campbell, John Y and Vuolteenaho, Tuomo},
	journal={American Economic Review},
	volume={94},
	number={2},
	pages={19--23},
	year={2004}
}

@article{anari_kolari_2001inflation,
	title={Stock prices and inflation},
	author={Anari, Ali and Kolari, James},
	journal={Journal of Financial Research},
	volume={24},
	number={4},
	pages={587--602},
	year={2001},
	publisher={Wiley Online Library}
}

@article{Gomes_et_al_2021,
	Author = {Gomes, Francisco and Haliassos, Michael and Ramadorai, Tarun},
	Title = {Household Finance},
	Journal = {Journal of Economic Literature},
	Volume = {59},
	Number = {3},
	Year = {2021},
	Month = {September},
	Pages = {919-1000},
	DOI = {10.1257/jel.20201461},
	URL = {https://www.aeaweb.org/articles?id=10.1257/jel.20201461}}

@article{manski_2018survey,
	title={Survey measurement of probabilistic macroeconomic expectations: progress and promise},
	author={Manski, Charles F},
	journal={NBER Macroeconomics Annual},
	volume={32},
	number={1},
	pages={411--471},
	year={2018},
	publisher={University of Chicago Press Chicago, IL}
}

@article{potter_et_al_2017prob,
	title={The advantages of probabilistic survey questions},
	author={Potter, Simon and Del Negro, Marco and Topa, Giorgio and Van der Klaauw, Wilbert},
	journal={Review of Economic Analysis},
	volume={9},
	number={1},
	pages={1--32},
	year={2017}
}

@article{diercks2021asymmetric,
	title={Asymmetric Monetary Policy Expectations},
	author={Diercks, Anthony M and Tanaka, Hiroatsu and Cordova, Paul},
	journal={Available at SSRN 3930267},
	year={2021}
}

@techreport{CCG_2020_inflation_communication,
	title={Communication and the beliefs of economic agents},
	author={Candia, Bernardo and Coibion, Olivier and Gorodnichenko, Yuriy},
	year={2020},
	institution={National Bureau of Economic Research}
}

@techreport{carroll2009bufferstock,
	title={A tractable model of buffer stock saving},
	author={Carroll, Christopher D and Toche, Patrick},
	year={2009},
	institution={National Bureau of Economic Research}
}

@article{BCG2007stocklabor,
	title={Portfolio choice over the life-cycle when the stock and labor markets are cointegrated},
	author={Benzoni, Luca and Collin-Dufresne, Pierre and Goldstein, Robert S},
	journal={The Journal of Finance},
	volume={62},
	number={5},
	pages={2123--2167},
	year={2007},
	publisher={Wiley Online Library}
}

@article{HM2003portfolio,
	title={Portfolio choice and liquidity constraints},
	author={Haliassos, Michael and Michaelides, Alexander},
	journal={International Economic Review},
	volume={44},
	number={1},
	pages={143--177},
	year={2003},
	publisher={Wiley Online Library}
}

@article{GM2005portfolio,
	title={Optimal life-cycle asset allocation: Understanding the empirical evidence},
	author={Gomes, Francisco and Michaelides, Alexander},
	journal={The Journal of Finance},
	volume={60},
	number={2},
	pages={869--904},
	year={2005},
	publisher={Wiley Online Library}
}

@article{sutton2002houseprices,
	title={Explaining changes in house prices},
	author={Sutton, Gregory D and others},
	journal={BIS quarterly review},
	volume={32},
	number={1},
	pages={46--60},
	year={2002},
	publisher={Citeseer}
}

@article{cocco2005housing,
	title={Portfolio choice in the presence of housing},
	author={Cocco, Joao F},
	journal={The Review of Financial Studies},
	volume={18},
	number={2},
	pages={535--567},
	year={2005},
	publisher={Oxford University Press}
}

@article{engelberg_manski_2009distribution,
	title={Comparing the point predictions and subjective probability distributions of professional forecasters},
	author={Engelberg, Joseph and Manski, Charles F and Williams, Jared},
	journal={Journal of Business \& Economic Statistics},
	volume={27},
	number={1},
	pages={30--41},
	year={2009},
	publisher={Taylor \& Francis}
}

@techreport{DAI_2021,
	author = {DAI},
	title = {Aktion{\"a}rszahlen des Deutschen Aktieninstituts 2020},
	date = {02.25.2021},
	year = {2021},
	url = {https://www.dai.de/fileadmin/user_upload/210225_Aktionaerszahlen_2020.pdf}
}

@article{modigliani_cohn1979inflation,
	title={Inflation, rational valuation and the market},
	author={Modigliani, Franco and Cohn, Richard A},
	journal={Financial Analysts Journal},
	volume={35},
	number={2},
	pages={24--44},
	year={1979},
	publisher={Taylor \& Francis}
}

@article{GJT1996_health,
	title={Income risk, borrowing constraints, and portfolio choice},
	author={Guiso, Luigi and Jappelli, Tullio and Terlizzese, Daniele},
	journal={The American Economic Review},
	pages={158--172},
	year={1996},
	publisher={JSTOR}
}

@article{catherine2020_countercyclical,
	title={Countercyclical labor income risk and portfolio choices over the life-cycle},
	author={Catherine, Sylvain},
	journal={HEC Paris Research Paper No. FIN-2016-1147},
	year={2020}
}

@article{brandsaas2021_housing,
	title={Household Stock Market Participation and Exit: The Role of Homeownership},
	author={Brandsaas, Eirik Eylands},
	year={2021}
}

@techreport{CS2000_parental,
	title={Asset ownership across generations},
	author={Chiteji, Ngina S and Stafford, Frank P},
	year={2000},
	institution={Working paper}
}

@article{duflo_saez2002_workplace,
	title={Participation and investment decisions in a retirement plan: The influence of colleagues' choices},
	author={Duflo, Esther and Saez, Emmanuel},
	journal={Journal of public Economics},
	volume={85},
	number={1},
	pages={121--148},
	year={2002},
	publisher={Elsevier}
}

@article{Kahneman_Tversky1979_Prospect,
	ISSN = {00129682, 14680262},
	URL = {http://www.jstor.org/stable/1914185},
	abstract = {This paper presents a critique of expected utility theory as a descriptive model of decision making under risk, and develops an alternative model, called prospect theory. Choices among risky prospects exhibit several pervasive effects that are inconsistent with the basic tenets of utility theory. In particular, people underweight outcomes that are merely probable in comparison with outcomes that are obtained with certainty. This tendency, called the certainty effect, contributes to risk aversion in choices involving sure gains and to risk seeking in choices involving sure losses. In addition, people generally discard components that are shared by all prospects under consideration. This tendency, called the isolation effect, leads to inconsistent preferences when the same choice is presented in different forms. An alternative theory of choice is developed, in which value is assigned to gains and losses rather than to final assets and in which probabilities are replaced by decision weights. The value function is normally concave for gains, commonly convex for losses, and is generally steeper for losses than for gains. Decision weights are generally lower than the corresponding probabilities, except in the range of low probabilities. Overweighting of low probabilities may contribute to the attractiveness of both insurance and gambling.},
	author = {Daniel Kahneman and Amos Tversky},
	journal = {Econometrica},
	number = {2},
	pages = {263--291},
	publisher = {[Wiley, Econometric Society]},
	title = {Prospect Theory: An Analysis of Decision under Risk},
	volume = {47},
	year = {1979}
}

@article{anderson2003_psychology,
	title={The psychology of doing nothing: forms of decision avoidance result from reason and emotion.},
	author={Anderson, Christopher J},
	journal={Psychological bulletin},
	volume={129},
	number={1},
	pages={139},
	year={2003},
	publisher={American Psychological Association}
}

@article{manski2018_survey,
	title={Survey measurement of probabilistic macroeconomic expectations: progress and promise},
	author={Manski, Charles F},
	journal={NBER Macroeconomics Annual},
	volume={32},
	number={1},
	pages={411--471},
	year={2018},
	publisher={University of Chicago Press Chicago, IL}
}

@misc{campbell1986_PIH,
	title={Does saving anticipate declining labor income? An alternative test of the permanent income hypothesis},
	author={Campbell, John Y},
	year={1986},
	publisher={National Bureau of Economic Research Cambridge, Mass., USA}
}

@article{choukhmane_default_2021,
	title = {Default {Options} and {Retirement} {Saving} {Dynamics}},
	abstract = {I document that employees oï¬€set the short-run positive eï¬€ect of auto-enrollment in retirement plans by saving less in the future. Consequently, a structurally-estimated lifecycle model predicts that the long-term eï¬€ect of auto-enrollment on wealth is negligible except at the bottom of the earnings distribution. The observed inertia at the savings default is explained by an optout cost of around \$250. My estimate is smaller than the thousands of dollars estimated in previous studies because non-autoenrolled workers can compensate for not contributing now by contributing more later. Auto-enrollment improves welfare if the policymaker is paternalistic or has strong redistributive preferences.},
	language = {en},
	author = {Choukhmane, Taha},
	pages = {87},
	file = {Choukhmane - Default Options and Retirement Saving Dynamics.pdf:C\:\\Users\\adria\\Zotero\\storage\\5C9M2KBP\\Choukhmane - Default Options and Retirement Saving Dynamics.pdf:application/pdf},
}

@article{PZ2013_expec,
  title={Using Subjective Expectations Data to Allow for Unobserved Heterogeneity in Hotz-Miller Estimation Strategies},
  author={Pantano, Juan and Zheng, Yu},
  journal={Available at SSRN 2129303},
  year={2013}
}

@article{DEvG2017_subjective,
	title={The precision of subjective data and the explanatory power of economic models},
	author={Drerup, Tilman and Enke, Benjamin and Von Gaudecker, Hans-Martin},
	journal={Journal of Econometrics},
	volume={200},
	number={2},
	pages={378--389},
	year={2017},
	publisher={Elsevier}
}

@article{vanderKlaauw2012_expectation,
	title={On the use of expectations data in estimating structural dynamic choice models},
	author={Van der Klaauw, Wilbert},
	journal={Journal of Labor Economics},
	volume={30},
	number={3},
	pages={521--554},
	year={2012},
	publisher={University of Chicago Press Chicago, IL}
}

@article{ACL2007_retirement,
	title={Retirement consumption: Insights from a survey},
	author={Ameriks, John and Caplin, Andrew and Leahy, John},
	journal={The Review of Economics and Statistics},
	volume={89},
	number={2},
	pages={265--274},
	year={2007},
	publisher={The MIT Press}
}